@ARTICLE{Freedman1981,
	author={{Freedman}, David
	and {Diaconis}, Persi},
	title="{On the histogram as a density estimator:L2 theory}",
	journal="{Zeitschrift f{\"u}r Wahrscheinlichkeitstheorie und Verwandte Gebiete}",
	year=1981,
	month=dec,
	day="01",
	volume= 57,
	number= 4 ,
	pages= 453-476,
	issn= 1432-2064,
	doi={10.1007/BF01025868},
	url={https://doi.org/10.1007/BF01025868}
}
@ARTICLE{2016MNRAS.456.1618A,
	author = {{Acquaviva}, V.},
	title = "{How to measure metallicity from five-band photometry with supervised machine learning algorithms}",
	journal = {\mnras},
	archivePrefix = "arXiv",
	eprint = {1510.08076},
	primaryClass = "astro-ph.IM",
	keywords = {methods: statistical, galaxies: photometry},
	year = 2016,
	month = feb,
	volume = 456,
	pages = {1618-1626},
	doi = {10.1093/mnras/stv2703},
	adsurl = {http://adsabs.harvard.edu/abs/2016MNRAS.456.1618A},
	adsnote = {Provided by the SAO/NASA Astrophysics Data System}
}
@ARTICLE{2004ApJ...613..898T,
	author = {{Tremonti}, Christy A. and {Heckman}, Timothy M. and {Kauffmann},
	Guinevere and {Brinchmann}, Jarle and {Charlot}, St{\'e}phane
	and {White}, Simon D.~M. and {Seibert}, Mark and {Peng}, Eric W.
	and {Schlegel}, David J. and {Uomoto}, Alan and {Fukugita},
	Masataka and {Brinkmann}, Jon},
	title = "{The Origin of the Mass-Metallicity Relation: Insights from 53,000 Star-
	forming Galaxies in the Sloan Digital Sky Survey}",
	journal = {\apj},
	keywords = {Galaxies: Abundances, Galaxies: Evolution, Galaxies: Fundamental
	Parameters, Galaxies: Statistics, Astrophysics},
	year = 2004,
	month = Oct,
	volume = {613},
	pages = {898-913},
	doi = {10.1086/423264},
	archivePrefix = {arXiv},
	eprint = {astro-ph/0405537},
	primaryClass = {astro-ph},
	adsurl = {https://ui.adsabs.harvard.edu/#abs/2004ApJ...613..898T},
	adsnote = {Provided by the SAO/NASA Astrophysics Data System}
}
@ARTICLE{2018ApJ...858..114H,
	author = {{Huertas-Company}, M. and {Primack}, J.~R. and {Dekel}, A. and 
	{Koo}, D.~C. and {Lapiner}, S. and {Ceverino}, D. and {Simons}, R.~C. and 
	{Snyder}, G.~F. and {Bernardi}, M. and {Chen}, Z. and {Dom{\'{\i}}nguez-S{\'a}nchez}, H. and 
	{Lee}, C.~T. and {Margalef-Bentabol}, B. and {Tuccillo}, D.},
	title = "{Deep Learning Identifies High-z Galaxies in a Central Blue Nugget Phase in a Characteristic Mass Range}",
	journal = {\apj},
	archivePrefix = "arXiv",
	eprint = {1804.07307},
	keywords = {galaxies: bulges, galaxies: fundamental parameters, galaxies: high-redshift},
	year = 2018,
	month = may,
	volume = 858,
	eid = {114},
	pages = {114},
	doi = {10.3847/1538-4357/aabfed},
	adsurl = {http://adsabs.harvard.edu/abs/2018ApJ...858..114H},
	adsnote = {Provided by the SAO/NASA Astrophysics Data System}
}

@ARTICLE{2017MNRAS.464.4420S,
	author = {{Simmons}, B.~D. and {Lintott}, C. and {Willett}, K.~W. and 
	{Masters}, K.~L. and {Kartaltepe}, J.~S. and {H{\"a}u{\ss}ler}, B. and 
	{Kaviraj}, S. and {Krawczyk}, C. and {Kruk}, S.~J. and {McIntosh}, D.~H. and 
	{Smethurst}, R.~J. and {Nichol}, R.~C. and {Scarlata}, C. and 
	{Schawinski}, K. and {Conselice}, C.~J. and {Almaini}, O. and 
	{Ferguson}, H.~C. and {Fortson}, L. and {Hartley}, W. and {Kocevski}, D. and 
	{Koekemoer}, A.~M. and {Mortlock}, A. and {Newman}, J.~A. and 
	{Bamford}, S.~P. and {Grogin}, N.~A. and {Lucas}, R.~A. and 
	{Hathi}, N.~P. and {McGrath}, E. and {Peth}, M. and {Pforr}, J. and 
	{Rizer}, Z. and {Wuyts}, S. and {Barro}, G. and {Bell}, E.~F. and 
	{Castellano}, M. and {Dahlen}, T. and {Dekel}, A. and {Ownsworth}, J. and 
	{Faber}, S.~M. and {Finkelstein}, S.~L. and {Fontana}, A. and 
	{Galametz}, A. and {Gr{\"u}tzbauch}, R. and {Koo}, D. and {Lotz}, J. and 
	{Mobasher}, B. and {Mozena}, M. and {Salvato}, M. and {Wiklind}, T.
	},
	title = "{Galaxy Zoo: quantitative visual morphological classifications for 48 000 galaxies from CANDELS}",
	journal = {\mnras},
	archivePrefix = "arXiv",
	eprint = {1610.03070},
	keywords = {galaxies: bulges, galaxies: elliptical and lenticular, cD, galaxies: evolution, galaxies: general, galaxies: spiral, galaxies: structure},
	year = 2017,
	month = feb,
	volume = 464,
	pages = {4420-4447},
	doi = {10.1093/mnras/stw2587},
	adsurl = {http://adsabs.harvard.edu/abs/2017MNRAS.464.4420S},
	adsnote = {Provided by the SAO/NASA Astrophysics Data System}
}

@ARTICLE{2018MNRAS.473.1108H,
	author = {{Hocking}, A. and {Geach}, J.~E. and {Sun}, Y. and {Davey}, N.
	},
	title = "{An automatic taxonomy of galaxy morphology using unsupervised machine learning}",
	journal = {\mnras},
	archivePrefix = "arXiv",
	eprint = {1709.05834},
	primaryClass = "astro-ph.IM",
	keywords = {methods: data analysis, methods: observational, methods: statistical},
	year = 2018,
	month = jan,
	volume = 473,
	pages = {1108-1129},
	doi = {10.1093/mnras/stx2351},
	adsurl = {http://adsabs.harvard.edu/abs/2018MNRAS.473.1108H},
	adsnote = {Provided by the SAO/NASA Astrophysics Data System}
}


@ARTICLE{2018arXiv180705657D,
	author = {{Dai}, J.-M. and {Tong}, J.},
	title = "{Visualizing the Hidden Features of Galaxy Morphology with Machine Learning}",
	journal = {ArXiv e-prints},
	archivePrefix = "arXiv",
	eprint = {1807.05657},
	keywords = {Astrophysics - Astrophysics of Galaxies, Astrophysics - Instrumentation and Methods for Astrophysics},
	year = 2018,
	month = jul,
	adsurl = {http://adsabs.harvard.edu/abs/2018arXiv180705657D},
	adsnote = {Provided by the SAO/NASA Astrophysics Data System}
}
@ARTICLE{2015ApJS..221....8H,
	author = {{Huertas-Company}, M. and {Gravet}, R. and {Cabrera-Vives}, G. and 
	{P{\'e}rez-Gonz{\'a}lez}, P.~G. and {Kartaltepe}, J.~S. and 
	{Barro}, G. and {Bernardi}, M. and {Mei}, S. and {Shankar}, F. and 
	{Dimauro}, P. and {Bell}, E.~F. and {Kocevski}, D. and {Koo}, D.~C. and 
	{Faber}, S.~M. and {Mcintosh}, D.~H.},
	title = "{A Catalog of Visual-like Morphologies in the 5 CANDELS Fields Using Deep Learning}",
	journal = {\apjs},
	archivePrefix = "arXiv",
	eprint = {1509.05429},
	keywords = {catalogs, galaxies: high-redshift, galaxies: structure, surveys},
	year = 2015,
	month = nov,
	volume = 221,
	eid = {8},
	pages = {8},
	doi = {10.1088/0067-0049/221/1/8},
	adsurl = {http://adsabs.harvard.edu/abs/2015ApJS..221....8H},
	adsnote = {Provided by the SAO/NASA Astrophysics Data System}
}
@ARTICLE{2015MNRAS.450.1441D,
	author = {{Dieleman}, S. and {Willett}, K.~W. and {Dambre}, J.},
	title = "{Rotation-invariant convolutional neural networks for galaxy morphology prediction}",
	journal = {\mnras},
	archivePrefix = "arXiv",
	eprint = {1503.07077},
	primaryClass = "astro-ph.IM",
	keywords = {methods: data analysis, techniques: image processing, catalogues, galaxies: general},
	year = 2015,
	month = jun,
	volume = 450,
	pages = {1441-1459},
	doi = {10.1093/mnras/stv632},
	adsurl = {http://adsabs.harvard.edu/abs/2015MNRAS.450.1441D},
	adsnote = {Provided by the SAO/NASA Astrophysics Data System}
}
@ARTICLE{2018MNRAS.476.5516B,
	author = {{Beck}, M.~R. and {Scarlata}, C. and {Fortson}, L.~F. and {Lintott}, C.~J. and 
	{Simmons}, B.~D. and {Galloway}, M.~A. and {Willett}, K.~W. and 
	{Dickinson}, H. and {Masters}, K.~L. and {Marshall}, P.~J. and 
	{Wright}, D.},
	title = "{Integrating human and machine intelligence in galaxy morphology classification tasks}",
	journal = {\mnras},
	archivePrefix = "arXiv",
	eprint = {1802.08713},
	primaryClass = "astro-ph.IM",
	keywords = {methods: data analysis, methods: statistical, galaxies: statistics, galaxies: structure},
	year = 2018,
	month = jun,
	volume = 476,
	pages = {5516-5534},
	doi = {10.1093/mnras/sty503},
	adsurl = {http://adsabs.harvard.edu/abs/2018MNRAS.476.5516B},
	adsnote = {Provided by the SAO/NASA Astrophysics Data System}
}
@ARTICLE{2018MNRAS.473.3895L,
	author = {{Lanusse}, F. and {Ma}, Q. and {Li}, N. and {Collett}, T.~E. and 
	{Li}, C.-L. and {Ravanbakhsh}, S. and {Mandelbaum}, R. and {P{\'o}czos}, B.
	},
	title = "{CMU DeepLens: deep learning for automatic image-based galaxy-galaxy strong lens finding}",
	journal = {\mnras},
	archivePrefix = "arXiv",
	eprint = {1703.02642},
	primaryClass = "astro-ph.IM",
	keywords = {gravitational lensing: strong, methods: statistical},
	year = 2018,
	month = jan,
	volume = 473,
	pages = {3895-3906},
	doi = {10.1093/mnras/stx1665},
	adsurl = {http://adsabs.harvard.edu/abs/2018MNRAS.473.3895L},
	adsnote = {Provided by the SAO/NASA Astrophysics Data System}
}
@ARTICLE{2017MNRAS.464.4463K,
	author = {{Kim}, E.~J. and {Brunner}, R.~J.},
	title = "{Star-galaxy classification using deep convolutional neural networks}",
	journal = {\mnras},
	archivePrefix = "arXiv",
	eprint = {1608.04369},
	primaryClass = "astro-ph.IM",
	keywords = {methods: data analysis, methods: statistical, techniques: image processing, surveys, stars: statistics, galaxies: statistics},
	year = 2017,
	month = feb,
	volume = 464,
	pages = {4463-4475},
	doi = {10.1093/mnras/stw2672},
	adsurl = {http://adsabs.harvard.edu/abs/2017MNRAS.464.4463K},
	adsnote = {Provided by the SAO/NASA Astrophysics Data System}
}
@ARTICLE{2018MNRAS.475.2978F,
	author = {{Fabbro}, S. and {Venn}, K.~A. and {O'Briain}, T. and {Bialek}, S. and 
	{Kielty}, C.~L. and {Jahandar}, F. and {Monty}, S.},
	title = "{An application of deep learning in the analysis of stellar spectra}",
	journal = {\mnras},
	archivePrefix = "arXiv",
	eprint = {1709.09182},
	primaryClass = "astro-ph.IM",
	keywords = {methods: numerical, techniques: spectroscopic, surveys, stars: fundamental parameters, infrared: stars},
	year = 2018,
	month = apr,
	volume = 475,
	pages = {2978-2993},
	doi = {10.1093/mnras/stx3298},
	adsurl = {http://adsabs.harvard.edu/abs/2018MNRAS.475.2978F},
	adsnote = {Provided by the SAO/NASA Astrophysics Data System}
}
@ARTICLE{2000A&A...357..197B,
	author = {{Bailer-Jones}, C.~A.~L.},
	title = "{Stellar parameters from very low resolution spectra and medium band filters. T\_eff, log g and [M/H] using neural networks}",
	journal = {\aap},
	eprint = {astro-ph/0003071},
	keywords = {METHODS: DATA ANALYSIS, METHODS: NUMERICAL, SURVEYS, STARS: HERTZSPRUNG-RUSSEL (HR) AND C-M DIAGRAMS, STARS: FUNDAMENTAL PARAMETERS, GALAXY: STELLAR CONTENT},
	year = 2000,
	month = may,
	volume = 357,
	pages = {197-205},
	adsurl = {http://adsabs.harvard.edu/abs/2000A%26A...357..197B},
	adsnote = {Provided by the SAO/NASA Astrophysics Data System}
}
@ARTICLE{2010MNRAS.408.2115M,
	author = {{Mannucci}, F. and {Cresci}, G. and {Maiolino}, R. and {Marconi}, A. and
	{Gnerucci}, A.},
	title = "{A fundamental relation between mass, star formation rate and metallicity
	in local and high-redshift galaxies}",
	journal = {\mnras},
	keywords = {galaxies: abundances, galaxies: formation, galaxies: high-redshift,
	galaxies: starburst, Astrophysics - Cosmology and Nongalactic
	Astrophysics},
	year = 2010,
	month = Nov,
	volume = {408},
	pages = {2115-2127},
	doi = {10.1111/j.1365-2966.2010.17291.x},
	archivePrefix = {arXiv},
	eprint = {1005.0006},
	primaryClass = {astro-ph.CO},
	adsurl = {https://ui.adsabs.harvard.edu/#abs/2010MNRAS.408.2115M},
	adsnote = {Provided by the SAO/NASA Astrophysics Data System}
}
@ARTICLE{2010A&A...521L..53L,
	author = {{Lara-L{\'o}pez}, M.~A. and {Cepa}, J. and {Bongiovanni}, A. and
	{P{\'e}rez Garc{\'\i}a}, A.~M. and {Ederoclite}, A. and
	{Casta{\~n}eda}, H. and {Fern{\'a}ndez Lorenzo}, M. and
	{Povi{\'c}}, M. and {S{\'a}nchez-Portal}, M.},
	title = "{A fundamental plane for field star-forming galaxies}",
	journal = {\aap},
	keywords = {galaxies: fundamental parameters, galaxies: abundances, galaxies:
	starburst, galaxies: star formation, Astrophysics - Cosmology
	and Nongalactic Astrophysics},
	year = 2010,
	month = Oct,
	volume = {521},
	eid = {L53},
	pages = {L53},
	doi = {10.1051/0004-6361/201014803},
	archivePrefix = {arXiv},
	eprint = {1005.0509},
	primaryClass = {astro-ph.CO},
	adsurl = {https://ui.adsabs.harvard.edu/#abs/2010A&A...521L..53L},
	adsnote = {Provided by the SAO/NASA Astrophysics Data System}
}
@ARTICLE{2013A&A...554A..58S,
	author = {{S{\'a}nchez}, S.~F. and {Rosales-Ortega}, F.~F. and {Jungwiert}, B. and 
	{Iglesias-P{\'a}ramo}, J. and {V{\'{\i}}lchez}, J.~M. and {Marino}, R.~A. and 
	{Walcher}, C.~J. and {Husemann}, B. and {Mast}, D. and {Monreal-Ibero}, A. and 
	{Cid Fernandes}, R. and {P{\'e}rez}, E. and {Gonz{\'a}lez Delgado}, R. and 
	{Garc{\'{\i}}a-Benito}, R. and {Galbany}, L. and {van de Ven}, G. and 
	{Jahnke}, K. and {Flores}, H. and {Bland-Hawthorn}, J. and {L{\'o}pez-S{\'a}nchez}, A.~R. and 
	{Stanishev}, V. and {Miralles-Caballero}, D. and {D{\'{\i}}az}, A.~I. and 
	{S{\'a}nchez-Blazquez}, P. and {Moll{\'a}}, M. and {Gallazzi}, A. and 
	{Papaderos}, P. and {Gomes}, J.~M. and {Gruel}, N. and {P{\'e}rez}, I. and 
	{Ruiz-Lara}, T. and {Florido}, E. and {de Lorenzo-C{\'a}ceres}, A. and 
	{Mendez-Abreu}, J. and {Kehrig}, C. and {Roth}, M.~M. and {Ziegler}, B. and 
	{Alves}, J. and {Wisotzki}, L. and {Kupko}, D. and {Quirrenbach}, A. and 
	{Bomans}, D. and {Califa Collaboration}},
	title = "{Mass-metallicity relation explored with CALIFA. I. Is there a dependence on the star-formation rate?}",
	journal = {\aap},
	archivePrefix = "arXiv",
	eprint = {1304.2158},
	keywords = {abundances, galaxies: ISM, galaxies: fundamental parameters, galaxies: spiral, galaxies: structure, galaxies: evolution},
	year = 2013,
	month = jun,
	volume = 554,
	eid = {A58},
	pages = {A58},
	doi = {10.1051/0004-6361/201220669},
	adsurl = {http://adsabs.harvard.edu/abs/2013A%26A...554A..58S},
	adsnote = {Provided by the SAO/NASA Astrophysics Data System}
}
@ARTICLE{2002ApJ...581.1019G,
	author = {{Garnett}, D.~R.},
	title = "{The Luminosity-Metallicity Relation, Effective Yields, and Metal Loss in Spiral and Irregular Galaxies}",
	journal = {\apj},
	eprint = {astro-ph/0209012},
	keywords = {Galaxies: Abundances, Galaxies: Evolution, Galaxies: Irregular, Galaxies: Spiral},
	year = 2002,
	month = dec,
	volume = 581,
	pages = {1019-1031},
	doi = {10.1086/344301},
	adsurl = {http://adsabs.harvard.edu/abs/2002ApJ...581.1019G},
	adsnote = {Provided by the SAO/NASA Astrophysics Data System}
}

@ARTICLE{2013ApJ...772..119L,
	author = {{Lilly}, Simon J. and {Carollo}, C. Marcella and {Pipino}, Antonio and
	{Renzini}, Alvio and {Peng}, Yingjie},
	title = "{Gas Regulation of Galaxies: The Evolution of the Cosmic Specific Star
	Formation Rate, the Metallicity-Mass-Star-formation Rate
	Relation, and the Stellar Content of Halos}",
	journal = {\apj},
	keywords = {dark matter, galaxies: abundances, galaxies: evolution, galaxies: halos,
	galaxies: ISM, Astrophysics - Cosmology and Nongalactic
	Astrophysics},
	year = 2013,
	month = Aug,
	volume = {772},
	eid = {119},
	pages = {119},
	doi = {10.1088/0004-637X/772/2/119},
	archivePrefix = {arXiv},
	eprint = {1303.5059},
	primaryClass = {astro-ph.CO},
	adsurl = {https://ui.adsabs.harvard.edu/#abs/2013ApJ...772..119L},
	adsnote = {Provided by the SAO/NASA Astrophysics Data System}
}
@ARTICLE{2011ApJ...734...48L,
	author = {{Leitner}, S.~N. and {Kravtsov}, A.~V.},
	title = "{Fuel Efficient Galaxies: Sustaining Star Formation with Stellar Mass Loss}",
	journal = {\apj},
	archivePrefix = "arXiv",
	eprint = {1011.1252},
	keywords = {cosmology: theory, evolution, galaxies: evolution, methods: numerical, stars: formation, stars: mass-loss},
	year = 2011,
	month = jun,
	volume = 734,
	eid = {48},
	pages = {48},
	doi = {10.1088/0004-637X/734/1/48},
	adsurl = {http://adsabs.harvard.edu/abs/2011ApJ...734...48L},
	adsnote = {Provided by the SAO/NASA Astrophysics Data System}
}

@ARTICLE{2018MNRAS.479..415A,
	author = {{Ackermann}, S. and {Schawinski}, K. and {Zhang}, C. and {Weigel}, A.~K. and 
	{Turp}, M.~D.},
	title = "{Using transfer learning to detect galaxy mergers}",
	journal = {\mnras},
	archivePrefix = "arXiv",
	eprint = {1805.10289},
	primaryClass = "astro-ph.IM",
	keywords = {methods: data analysis, techniques: image processing, galaxies: general},
	year = 2018,
	month = sep,
	volume = 479,
	pages = {415-425},
	doi = {10.1093/mnras/sty1398},
	adsurl = {http://adsabs.harvard.edu/abs/2018MNRAS.479..415A},
	adsnote = {Provided by the SAO/NASA Astrophysics Data System}
}
@ARTICLE{2014arXiv1409.1556S,
	author = {{Simonyan}, K. and {Zisserman}, A.},
	title = "{Very Deep Convolutional Networks for Large-Scale Image Recognition}",
	journal = {ArXiv e-prints},
	archivePrefix = "arXiv",
	eprint = {1409.1556},
	primaryClass = "cs.CV",
	keywords = {Computer Science - Computer Vision and Pattern Recognition},
	year = 2014,
	month = sep,
	adsurl = {http://adsabs.harvard.edu/abs/2014arXiv1409.1556S},
	adsnote = {Provided by the SAO/NASA Astrophysics Data System}
}
















