/home/boada/Documents/bibtex/library.bib